<record><leader>00000cas a2200000 a 4500</leader><controlfield tag="001">32937925</controlfield><controlfield tag="008">950808d18861897iluwr ne      0   a0eng c</controlfield><datafield ind1=" " ind2=" " tag="010"><subfield code="a">sn2004060815</subfield></datafield><datafield ind1=" " ind2=" " tag="040"><subfield code="a">IEE</subfield><subfield code="b">eng</subfield><subfield code="c">IEE</subfield><subfield code="d">OCL</subfield><subfield code="d">OCLCQ</subfield><subfield code="d">CVF</subfield><subfield code="d">OCLCQ</subfield><subfield code="d">OCLCF</subfield><subfield code="d">OCLCO</subfield><subfield code="d">NVF</subfield></datafield><datafield ind1=" " ind2=" " tag="042"><subfield code="a">pcc</subfield></datafield><datafield ind1=" " ind2=" " tag="043"><subfield code="a">n-us-il</subfield></datafield><datafield ind1="0" ind2="4" tag="245"><subfield code="a">The Elgin Democrat.</subfield></datafield><datafield ind1=" " ind2=" " tag="260"><subfield code="a">Elgin, Ill. :</subfield><subfield code="b">Elgin Democratic Pub. Co.,</subfield><subfield code="c">1886-1897.</subfield></datafield><datafield ind1=" " ind2=" " tag="300"><subfield code="a">13 v.</subfield></datafield><datafield ind1=" " ind2=" " tag="310"><subfield code="a">Weekly</subfield></datafield><datafield ind1="0" ind2=" " tag="362"><subfield code="a">Vol. 5, no. 37 (Oct. 16, 1886)-v. 17, no. 4 (Mar. 4, 1897).</subfield></datafield><datafield ind1=" " ind2=" " tag="530"><subfield code="3">Oct. 16, 1886-May 28, 1887, Dec. 15, 1888-Mar. 5, 1897.</subfield><subfield code="a">available on microfilm;</subfield><subfield code="b">University of Chicago Library Department of Photographic Reproduction.</subfield></datafield><datafield ind1=" " ind2=" " tag="580"><subfield code="a">Merged with: Elgin weekly dial, to form: Kane County Democrat (Elgin, Ill.).</subfield></datafield><datafield ind1=" " ind2="0" tag="651"><subfield code="a">Elgin (Ill.)</subfield><subfield code="v">Newspapers.</subfield></datafield><datafield ind1=" " ind2="7" tag="651"><subfield code="a">Illinois</subfield><subfield code="z">Elgin.</subfield><subfield code="2">fast</subfield><subfield code="0">(OCoLC)fst01212719</subfield></datafield><datafield ind1=" " ind2="7" tag="655"><subfield code="a">Newspapers.</subfield><subfield code="2">fast</subfield><subfield code="0">(OCoLC)fst01423814</subfield></datafield><datafield ind1=" " ind2=" " tag="752"><subfield code="a">United States</subfield><subfield code="b">Illinois</subfield><subfield code="c">Kane</subfield><subfield code="d">Elgin.</subfield></datafield><datafield ind1="0" ind2="8" tag="776"><subfield code="i">Microfilm version:</subfield><subfield code="t">Elgin Democrat</subfield><subfield code="w">(OCoLC)34181438</subfield></datafield><datafield ind1="0" ind2="0" tag="780"><subfield code="t">Temperance reformer (Elgin, Ill.)</subfield></datafield><datafield ind1="1" ind2="7" tag="785"><subfield code="t">Elgin weekly dial</subfield><subfield code="w">(DLC)  2014271535</subfield><subfield code="w">(OCoLC)32938626</subfield></datafield><datafield ind1="1" ind2="7" tag="785"><subfield code="t">Kane County Democrat (Elgin, Ill.)</subfield><subfield code="w">(DLC)sn2004060816</subfield><subfield code="w">(OCoLC)32938744</subfield></datafield><datafield ind1="1" ind2=" " tag="029"><subfield code="a">AU@</subfield><subfield code="b">000025293204</subfield></datafield></record>